<?xml version="1.0" encoding="UTF-8"?><record xmlns="http://www.loc.gov/MARC21/slim" xmlns:cinclude="http://apache.org/cocoon/include/1.0" xmlns:zs="http://www.loc.gov/zing/srw/">
  <leader>00522nz  a2200169n  4500</leader>
  <controlfield tag="001">nb2011032068</controlfield>
  <controlfield tag="003">DLC</controlfield>
  <controlfield tag="005">20111223075046.0</controlfield>
  <controlfield tag="008">111208n| acannaabn          |a aaa      </controlfield>
  <datafield tag="010" ind1=" " ind2=" ">
    <subfield code="a">nb2011032068</subfield>
  </datafield>
  <datafield tag="035" ind1=" " ind2=" ">
    <subfield code="a">(Uk)008337231</subfield>
  </datafield>
  <datafield tag="040" ind1=" " ind2=" ">
    <subfield code="a">Uk</subfield>
    <subfield code="b">eng</subfield>
    <subfield code="c">Uk</subfield>
  </datafield>
  <datafield tag="100" ind1="1" ind2=" ">
    <subfield code="a">Whatley, W. E.</subfield>
    <subfield code="q">(William Ernest)</subfield>
  </datafield>
  <datafield tag="400" ind1="1" ind2=" ">
    <subfield code="a">Whatley, William Ernest</subfield>
  </datafield>
  <datafield tag="670" ind1=" " ind2=" ">
    <subfield code="a">Safety for young citizens, [194-?]:</subfield>
    <subfield code="b">t.p. (W.E. Whatley, M.R.S.T.)</subfield>
  </datafield>
  <datafield tag="670" ind1=" " ind2=" ">
    <subfield code="a">I must be healthy, 1935</subfield>
  </datafield>
  <datafield tag="670" ind1=" " ind2=" ">
    <subfield code="a">BL database, 12 Dec 2011</subfield>
    <subfield code="b">(hdg.: Whatley, William Ernest)</subfield>
  </datafield>
</record>